@article{OnLocalRegisterAllocation,
  author    = {Farach, M. and Liberatore, V.},
  title     = {On local register allocation},
  year      = {1998},
}

@article{RegisterAllocationByPuzzleSolving,
  author    = {Fernando Magno QuintËœao Pereira. and Jens Palsberg},
  title     = {Register Allocation by Puzzle Solving},
  year      = {2008},
}

@article{EvaluationOfAlgorithmsForLocalRegisterAllocation,
  author    = {Vincenzo Liberatore and Martin Farach-Colton and Ulrich Kremer},
  title     = {Evaluation of Algorithms for Local Register Allocation},
  year      = {1998},
}

